@misc{o'connor:2004,
    title={John Horton Conway},
    author={J J O'Connor and E F Robertson},
    journal={MacTutor History of Mathematics},
    publisher={University of St Andrews},
    month={June},
    year={2004},
    howpublished = {\url{https://mathshistory.st-andrews.ac.uk/Biographies/Conway/}}
}
@misc{mulcahy:2014,
    author={Colm Mulcahy},
    title={The Top 10 Martin Gardner Scientific American Articles},
    journal={Scientific American},
    publisher={Springer Nature},
    month={October},
    year={2014},
    howpublished = {\url{https://blogs.scientificamerican.com/guest-blog/the-top-10-martin-gardner-scientific-american-articles/}}
}

@INPROCEEDINGS{rendell:2011,
  author={Rendell, Paul},
  booktitle={2011 International Conference on High Performance Computing \& Simulation}, 
  title={A Universal Turing Machine in Conway's Game of Life}, 
  year={2011},
  volume={},
  number={},
  pages={764-772},
  doi={10.1109/HPCSim.2011.5999906}}

@book{abrash:1997,
  title={Michael Abrash's Graphics Programming Black Book},
  author={Abrash, M.},
  isbn={9781576101742},
  lccn={98123580},
  url={https://www.jagregory.com/abrash-black-book},
  year={1997},
  publisher={Coriolis}
}

@misc{pygame,
author = {Pete Shinners and the Pygame Community},
title = {Pygame},
howpublished = {\url{https://pygame.org/}},
month = {September},
year = {2022}
}