@book{aocp2,
  author    = {Donald Ervin Knuth},
  title     = {The art of computer programming, Volume {II:} Seminumerical Algorithms,
               3rd Edition},
  publisher = {Addison-Wesley},
  year      = {1998},
  url       = {https://www.worldcat.org/oclc/312898417},
  isbn      = {0201896842},
  timestamp = {Fri, 17 Jul 2020 01:00:00 +0200},
  biburl    = {https://dblp.org/rec/books/lib/Knuth98.bib},
  bibsource = {dblp computer science bibliography, https://dblp.org}
}